@article{R:hasnat-mehedi-samiul:2018,
  author = {Hasnat, Mehedi and Hasan, Samiul},
  title = {Identifying tourists and analyzing spatial patterns of their destinations from location-based social media data},
  journal = {Transportation Research Part C Emerging Technologies},
  year = {2018},
  volume = {96},
  number = {},
  pages = {38-54},
  url = {https://app.dimensions.ai/details/publication/pub.1107128269}
}

@article{R:balevi-gitlin:2018,
  author = {Eren Balevi and R. Gitlin},
  title = {A Clustering Algorithm That Maximizes Throughput in 5G Heterogeneous F-RAN Networks},
  journal = {2018 IEEE International Conference on Communications (ICC)},
  year = {2018},
  volume = {},
  pages = {1-6}
}

@article{R:patel-hetal-dharmendra:2014,
  author = {Patel, Hetal and Patel, Dharmendra},
  title = {A brief survey of data mining techniques applied to agricultural data},
  journal = {International Journal of Computer Applications},
  year = {2014},
  volume = {95},
  number = {9}
}

@article{R:wang-yili-youn:2019,
  author = {Wang, Yili and Youn, Hee Yong},
  title = {Feature Weighting Based on Inter-Category and Intra-Category Strength for Twitter Sentiment Analysis},
  journal = {Applied Sciences},
  year = {2019},
  volume = {9},
  number = {1},
  pages={92}
}

@article{R:vlegels-lievens:2017,
  author = {Jef Vlegels and John Lievens},
  title = {Music classification, genres, and taste patterns: A ground-up network analysis on the clustering of artist preferences},
  journal = {Poetics},
  year = {2017},
  volume = {60},
  number = {1},
  pages = {76-89}
}

@article{R:dennys-mallqui-fernandes:2019,
  author={Dennys C. A. Mallqui and R. Fernandes},
  title={Predicting the direction, maximum, minimum and closing prices of daily Bitcoin exchange rate using machine learning techniques},
  journal={Appl. Soft Comput.},
  year={2019},
  volume={75},
  pages={596-606}
}

@article{R:singh-shakya-biswas:2016,
  author = {Kuldeep Singh and Harish Kumar Shakya and Bhaskar Biswas},
  title = {Clustering of people in social network based on textual similarity},
  journal = {Perspectives in Science},
  year = {2016},
  volume = {8},
  pages = {570-573},
  url = {http://www.sciencedirect.com/science/article/pii/S2213020916301628}
}

@InProceedings{R:patibandla-lakshmi-veeranjaneyulu:2018,
  author = {Patibandla, R. S. M. Lakshmi and Veeranjaneyulu, N.},
  title = {Survey on Clustering Algorithms for Unstructured Data},
  year = {2018},
  pages = {421-429}
}

@inproceedings{R:sculley:2010,
  author = {Sculley, D.},
  title = {Web-Scale k-Means Clustering},
  year = {2010},
  pages = {1177–1178},
  url = {https://doi.org/10.1145/1772690.1772862}
}

@inproceedings{R:farias-ubierna-elorza-santamaria-laso:2011,
  author = {Christian Correa Farias and Constantino Valero Ubierna and Pilar Barreiro Elorza and Maria Paz Diago Santamaria and Javier Tardaguila Laso},
  title = {A Comparison of Fuzzy Clustering Algorithms Applied to Feature Extraction on Vineyard},
  year = {2011},
  url = {http://oa.upm.es/9246/}
}

@article{R:narendra-aman-ratnesh:2012,
  author = {Sharma, Narendra and Bajpai, Aman and Litoriya, Ratnesh},
  title = {Comparison the various clustering algorithms of weka tools},
  year = {2012},
  pages = {}
}

@article{R:tauno-jaak:2015,
  author = {Metsalu, Tauno and Vilo, Jaak},
  title = {ClustVis: A web tool for visualizing clustering of multivariate data using Principal Component Analysis and heatmap},
  journal = {Nucleic acids research},
  year = {2015},
  volume = {43},
  pages = {}
}

@inproceedings{R:alberto-julian-joaquin-jesus-francisco:2009,
  author = {Fernández, Alberto and Luengo, Julián and Derrac, Joaquín and Alcala-Fdez, Jesus and Herrera, Francisco},
  title = {Implementation and Integration of Algorithms into the KEEL Data-Mining Software Tool},
  journal = {},
  year = {2009},
  volume = {5788},
  pages = {562-569}
}

@article{R:sotiris-p:2004,
  author = {Kotsiantis, Sotiris and Pintelas, P.},
  title = {Recent advances in clustering: A brief survey},
  journal = {WSEAS Transactions on Information Science and Applications},
  year = {2004},
  volume = {1},
  pages = {73-81}
}

@article{R:mahamed-andries-ayed:2007,
  author = {Omran, Mahamed and Engelbrecht, Andries and Salman, Ayed},
  title = {An overview of clustering methods},
  journal = {Intell. Data Anal.},
  year = {2007},
  volume = {11},
  pages = {583-605}
}

@article{R:jain-murty-flynn:1999,
  author = {Anil K. Jain and M. Murty and P. Flynn},
  title = {Data clustering: a review},
  journal = {ACM Comput. Surv.},
  year = {1999},
  volume = {31},
  pages = {264-323}
}

@article{R:guha-rastogi-shim:2001,
  author = {Sudipto Guha and Rajeev Rastogi and Kyuseok Shim},
  title = {Cure: an efficient clustering algorithm for large databases},
  journal = {Information Systems},
  year = {2001},
  volume = {26},
  number = {1},
  pages = {35-58},
  url = {http://www.sciencedirect.com/science/article/pii/S0306437901000084}
}

@inproceedings{R:dongwei-jingjing-jici:2019,
  author = {Guo, Dongwei and Zhao, Jingjing and Liu, Jici},
  title = {Research and Application of Improved CHAMELEON Algorithm Based on Condensed Hierarchical Clustering Method},
  year = {2019},
  pages = {14-18}
}

@inproceedings{R:tian-raghu-miron:1996,
  author = {Zhang, Tian and Ramakrishnan, Raghu and Livny, Miron},
  title = {BIRCH: An Efficient Data Clustering Method for Very Large Databases},
  year = {1996},
  pages = {103–114},
  url = {https://doi.org/10.1145/233269.233324}
}

@article{R:h-a:2019,
  author = {Ramprasanth, H and Devi, A},
  title = {Outlier Analysis of Medical Dataset Using Clustering Algorithms},
  journal = {Journal of Analysis and Computation ISSN:(0973-2861)},
  year = {2019},
  pages = {1-9}
}

@inproceedings{R:nithya-prabha:2019,
  author = {Ganesan Nithya and K. Arun Prabha},
  title = {A LION OPTIMIZATION BASED K-PROTOTYPE CLUSTERING ALGORITHM FOR MIXED DATA},
  year = {2019}
}

@inproceedings{R:huang:1997,
  author = {J. Huang},
  title = {A Fast Clustering Algorithm to Cluster Very Large Categorical Data Sets in Data Mining},
  year = {1997}
}

@InProceedings{R:mohit-himanshu-chetan:2020,
  author = {Kushwaha, Mohit and Yadav, Himanshu and Agrawal, Chetan},
  title = {A Review on Enhancement to Standard K-Means Clustering},
  year = {2020},
  pages = {313-326}
}

@inproceedings{R:shan:2019,
  author = {Hu, Shan},
  title = {Indoor Location Method Based on Data Mining},
  year = {2019},
  pages = {11–15},
  url = {https://doi.org/10.1145/3377458.3377465}
}

@inproceedings{R:mariam-ghazi:2019,
  author = {Khader, Mariam and Al-Naymat, Ghazi},
  title = {An overview of various enhancements of DENCLUE algorithm},
  year = {2019},
  pages = {1-7}
}

@article{R:shilpa:2011,
  author = {Dang, Shilpa},
  title = {A REVIEW OF CLUSTERING TECHIQUES IN VARIOUS APPLICATIONS FOR EFFECTIVE DATA MINING},
  journal = {International Journal of Research in IT \& Management 2231-4434},
  year = {2011},
  volume = {1},
  pages = {50-66}
}

@article{R:ilango-dr:2010,
  author = {MR, ILANGO and MOHAN, Dr},
  title = {A Survey of Grid Based Clustering Algorithms},
  journal = {International Journal of Engineering Science and Technology},
  year = {2010},
  volume = {2}
}

@article{R:li-liu:2010,
  author={Xuecheng, Li Yun Liu},
  title={APPLYING WAVE CLUSTER ALGORITHM IN INTRUSION DETECTION [J]},
  journal={Computer Applications and Software},
  year={2010},
  volume={6}
}

@article{R:saini-rani:2017,
  author={Suman Saini and P. Rani},
  title={A Survey on STING and CLIQUE Grid Based Clustering Methods},
  journal={International Journal of Advanced Research in Computer Science},
  year={2017},
  volume={8},
  pages={1510-1512}
}

@article{R:anbupalam-indranil-xiaojing-george:2006,
  author = {Thalamuthu, Anbupalam and Mukhopadhyay, Indranil and Zheng, Xiaojing and Tseng, George},
  title = {Evaluation and comparison of gene clustering methods in microarray analysis},
  journal = {Bioinformatics (Oxford, England)},
  year = {2006},
  volume = {22},
  pages = {2405-12}
}

@article{R:sven:2016,
  author = {Kosub, Sven},
  title = {A note on the triangle inequality for the Jaccard distance},
  journal = {arXiv.org},
  year = {2016},
  volume = {120}
}

@article{R:deborah-baskaran-kannan:2010,
  author = {L. Jegatha Deborah and Ramachandran Baskaran and Arputharaj Kannan},
  title = {A Survey on Internal Validity Measure for Cluster Validation},
  journal = {International Journal of Computer Science and Engineering Survey},
  year = {2010},
  volume = {1},
  pages = {85-102}
}

@article{R:hyunsoo-haesun:2007,
  author = {Kim, Hyunsoo and Park, Haesun},
  title = "{Sparse non-negative matrix factorizations via alternating non-negativity-constrained least squares for microarray data analysis}",
  journal = {Bioinformatics},
  year = {2007},
  volume = {23},
  pages = {1495-1502}
}

@book{b41,
  author = {Kacprzyk, Janusz and Farhaoui, Yousef},
  year = {2019},
  title = {Big Data and Smart Digital Environment}
}

@article{b43,
  author = {Romano, Simone and Vinh, Nguyen Xuan and Bailey, James and Verspoor, Karin},
  journal = {Journal of Machine Learning Research},
  pages = {1-32},
  title = {{Adjusting for chance clustering comparison measures}},
  volume = {17},
  year = {2016}
}

@article{b44,
  author = {Ansari, Zahid and Azeem, M.F. and Ahmed, Waseem and Babu, A},
  year = {2015},
  title = {Quantitative Evaluation of Performance and Validity Indices for Clustering the Web Navigational Sessions},
  volume = {1},
  journal = {World of Computer Science and Information Technology Journal}
}

@InProceedings{b45,
  author={Starczewski, Artur and Krzyzak, Adam},
  editor={Rutkowski, Leszek and Korytkowski, Marcin and Scherer, Rafal and Tadeusiewicz, Ryszard and Zadeh, Lotfi A. and Zurada, Jacek M.},
  title={Performance Evaluation of the Silhouette Index},
  booktitle={Artificial Intelligence and Soft Computing},
  year={2015},
  publisher={Springer International Publishing},
  address={Cham},
  pages={49-58}
}

@inproceedings{b46,
  title={Paper on Clustering Techniques},
  author={Amandeep Kaur Mann and Navneet Kaur},
  year={2013}
}

@inproceedings{b47,
  title={A comparison of document clustering techniques},
  author={Karypis, Michael Steinbach George and Kumar, Vipin and Steinbach, Michael},
  booktitle={TextMining Workshop at KDD2000 (May 2000)},
  year={2000}
}

@article{b48,
  title={Review and comparative study of clustering techniques},
  author={Popat, Shraddha K and Emmanuel, M},
  journal={International journal of computer science and information technologies},
  volume={5},
  number={1},
  pages={805-812},
  year={2014}
}

@INPROCEEDINGS{b49,
  author = {J. Macqueen},
  title = {Some methods for classification and analysis of multivariate observations},
  booktitle = {In 5-th Berkeley Symposium on Mathematical Statistics and Probability},
  year = {1967},
  pages = {281-297}
}

@article{b50,
  title={A comparative study on distance measuring approaches for clustering},
  author={Pandit, Shraddha and Gupta, Suchita and others},
  journal={International Journal of Research in Computer Science},
  volume={2},
  number={1},
  pages={29-31},
  year={2011}
}

@article{b51,
  author = {Shirkhorshidi, Ali Seyed and Aghabozorgi, Saeed and {Ying Wah}, Teh},
  journal = {PLoS ONE},
  number = {12},
  pages = {1-20},
  title = {{A Comparison study on similarity and dissimilarity measures in clustering continuous data}},
  volume = {10},
  year = {2015}
}

@book{b52,
  title={Data mining techniques: for marketing, sales, and customer relationship management},
  author={Berry, Michael JA and Linoff, Gordon S},
  year={2004},
  publisher={John Wiley \& Sons}
}

@article{b53,
  author = {Halkidi, Maria and Batistakis, Yannis and Vazirgiannis, Michalis},
  year = {2001},
  title = {On Clustering Validation Techniques},
  volume = {17},
  journal = {Journal of Intelligent Information Systems}
}

@article{b54,
 title={Evaluation metrics for unsupervised learning algorithms},
 author={Palacio-Ni{\~n}o, Julio-Omar and Berzal, Fernando},
 year={2019}
}

@article{b55,
  author = {Charte, F and Vico, Angel Miguel and González, Pedro and Carmona, Cristóbal J. and Del Jesus, María José},
  year = {2016},
  pages = {307-323},
  title = {Subgroup discovery with evolutionary fuzzy systems in r: The SDEFSR package},
  volume = {8},
  journal = {The R Journal}
}

@book{b56,
author = {Gan, Guojun and Ma, Chaoqun and Wu, Jianhong},
title = {Data Clustering: Theory, Algorithms, and Applications},
publisher = {Society for Industrial and Applied Mathematics},
year = {2007}
}

@article{b58,
  author = {Xu, Rui and Wunsch, Donald},
  journal = {IEEE TRANSACTIONS ON NEURAL NETWORKS},
  number = {3},
  title = {{Survey of Clustering Algorithms}},
  volume = {16},
  year = {2005}
}

@article{b59,
  title={Clustering Techniques and the Similarity Measures used in Clustering: A Survey},
  author={Jasmine A Irani and N. Pise and M. Phatak},
  journal={International Journal of Computer Applications},
  year={2016},
  volume={134},
  pages={9-14}
}

@article{b60,
  author = {Johnson, Richard A. and Wichern, Dean W.},
  journal = {Applied Multivariate Statistical Analysis},
  pages = {729-799},
  title = {{Clustering, Distance Methods and Ordination}},
  year = {1998}
}

@article{b61,
  author = {The Odum Institute },
  number = {2012},
  title = {{Learn About Pearson{\&}{\#}8217;s Correlation Coefficient in SPSS With Data From the Global Health Observatory Data (2012)}},
  year = {2015}
}

@inproceedings{b62,
  title={Calculating distance measure for clustering in multi-relational settings},
  author={Niak{\v{s}}u, Olegas},
  booktitle={Slovenian KDD conference on data mining and data warehouses (SiKDD)},
  year={2013}
}

@article{b63,
  author={Zengyou He and Xiaofei Xu and Shengchun Deng},
  title={{K-ANMI:} {A} Mutual Information Based Clustering Algorithm for Categorical Data},
  year={2005}
}

@Manual{R:bagus-pramana:2016,
  title = {advclust: Object Oriented Advanced Clustering},
  author = {Achmad Fauzi Bagus F and Setia Pramana},
  year = {2016},
  note = {R package version 0.4},
  url = {https://CRAN.R-project.org/package=advclust},
}

@Manual{R:lucas:2019,
  title = {amap: Another Multidimensional Analysis Package},
  author = {Antoine Lucas},
  year = {2019},
  note = {R package version 0.8-18},
  url = {https://CRAN.R-project.org/package=amap},
}

@Article{R:bodenhofer-kothmeier-hochreiter:2011,
  title = {APCluster: an R package for affinity propagation clustering},
  author = {Ulrich Bodenhofer and Andreas Kothmeier and Sepp Hochreiter},
  journal = {Bioinformatics},
  year = {2011},
  volume = {27},
  pages = {2463--2464},
  doi = {10.1093/bioinformatics/btr406},
}

@Article{R:frey-dueck:2007,
  title = {Clustering by passing messages between data points},
  author = {Brendan J. Frey and Delbert Dueck},
  journal = {Science},
  volume = {315},
  pages = {972--977},
  year = {2007},
  doi = {10.1126/science.1136800},
}


@Manual{R:maechler-rousseeuw-hubert-hornik:2019,
  title = {cluster: Cluster Analysis Basics and Extensions},
  author = {Martin Maechler and Peter Rousseeuw and Anja Struyf and Mia Hubert and Kurt Hornik},
  year = {2019},
  note = {R package version 2.1.0 --- For new features, see the 'Changelog' file (in the package source)},
}

@Manual{R:mouselimis:2020,
  title = {ClusterR: Gaussian Mixture Models, K-Means, Mini-Batch-Kmeans, K-Medoids
and Affinity Propagation Clustering},
  author = {Lampros Mouselimis},
  year = {2020},
  note = {R package version 1.2.2},
  url = {https://CRAN.R-project.org/package=ClusterR},
}

@Manual{R:rodrigues-vasconcelos-tinos-2019,
  title = {gama: Genetic Approach to Maximize Clustering Criterion},
  author = {Jairson Rodrigues and Germano Vasconcelos and Renato Tin'{o}s},
  year = {2019},
  note = {R package version 1.0.3},
  url = {https://CRAN.R-project.org/package=gama},
}

@Manual{R:suzuki-terada-shimodaira:2019,
  title = {pvclust: Hierarchical Clustering with P-Values via Multiscale Bootstrap
Resampling},
  author = {Ryota Suzuki and Yoshikazu Terada and Hidetoshi Shimodaira},
  year = {2019},
  note = {R package version 2.2-0},
  url = {https://CRAN.R-project.org/package=pvclust},
}

